@inproceedings{alexis2014robust,
  title={Robust explicit model predictive flight control of unmanned rotorcrafts: Design and experimental evaluation},
  author={Alexis, Kostas and Papachristos, Christos and Siegwart, Roland and Tzes, Anthony},
  booktitle={Control Conference (ECC), 2014 European},
  pages={498--503},
  year={2014},
  organization={IEEE}
}

@article{mahony2012multirotor,
  title={Multirotor aerial vehicles: Modeling, estimation, and control of quadrotor},
  author={Mahony, Robert and Kumar, Vijay and Corke, Peter},
  journal={IEEE Robotics \& amp amp Automation Magazine},
  number={19},
  pages={20--32},
  year={2012}
}

@ONLINE{pixhawk,
author = {Pixhawk},
month = feb,
year = {2015},
howpublished= {https://pixhawk.org/}
}

@ONLINE{ardupilot,
author = {Ardupilot},
month = feb,
year = {2015},
howpublished= {http://ardupilot.com/}
}